@book{dummy_2015_entry,
    Author = {},
    Publisher = {},
    Title = {},
    Year = {},
    ISBN = {}
}



